@misc{website:weeden:2015,
      author = "{A}aron {W}eeden",
      title = "{P}etascale: {A}rea {U}nder a {C}urve",
      howpublished = "\url{http://www.shodor.org/petascale/materials/UPModules/AreaUnderCurve/}",
      note = "Accessed 17 September 2015"
}

@misc{website:SHARCNET:2015,
      author = "{SHARCNET Documentation}",
      title = "Measuring Parallel Scaling Performance",
      howpublished = "\url{https://www.sharcnet.ca/help/index.php/Measuring_Parallel_Scaling_Performance}",
      note = "Accessed 15 October 2015"
}
