@misc{website:top,
      howpublished = "\url{top500.org/project/introduction}",
}

@misc{website:faq,
      howpublished = "\url{netlib.org/utk/people/JackDongarra/faq-linpack.html}",
}

@misc{website:paper,
      howpublished = "\url{netlib.org/utk/people/JackDongarra/PAPERS/hplpaper.pdf}",
}

@misc{website:tuning,
      howpublished = "\url{netlib.org/benchmark/hpl/tuning.html}",
}