@misc{website:shoop:2015,
      author = "{L}ibby {S}hoop",
      title = "{M}onte {C}arlo {S}imulation {E}xemplar",
      howpublished = "\url{http://selkie.macalester.edu/csinparallel/modules/MonteCarloSimulationExemplar/build/html/index.html}",
}